@misc{DenisES670_exp1/7,
  title={Roteiro do experimento 1, Semanas 4 e 5 disponibilizado para os alunos do curso},
  howpublished = {\url{http://www.ggte.unicamp.br/eam/pluginfile.php/219882/mod_resource/content/1/es670_sem_04_lab.pdf}},
  note = {Acessado em: 14-04-2016},
  author={Loubach, Denis S.},
  journal={},
  volume={},
  number={},
  pages={},
  year={2016},
  publisher={UNICAMP}
}

@misc{DenisES670_exp2/7,
  title={Roteiro do experimento 2, Semanas 6 e 7 disponibilizado para os alunos do curso},
  howpublished = {\url{http://www.ggte.unicamp.br/eam/pluginfile.php/224075/mod_resource/content/1/es670_sem_06_lab.pdf}},
  note = {Acessado em: 29-04-2016},
  author={Loubach, Denis S.},
  journal={},
  volume={},
  number={},
  pages={},
  year={2016},
  publisher={UNICAMP}
}

@misc{DenisES670_exp3/7,
  title={Roteiro do experimento 3, Semana 8 disponibilizado para os alunos do curso},
  howpublished = {\url{http://www.ggte.unicamp.br/eam/pluginfile.php/226594/mod_resource/content/1/es670_sem_08_lab.pdf}},
  note = {Acessado em: 11-05-2016},
  author={Loubach, Denis S.},
  journal={},
  volume={},
  number={},
  pages={},
  year={2016},
  publisher={UNICAMP}
}

@misc{DenisES670_exp4/7,
  title={Roteiro do experimento 4, Semanas 9 e 10 disponibilizado para os alunos do curso},
  howpublished = {\url{http://www.ggte.unicamp.br/eam/pluginfile.php/226603/mod_resource/content/1/es670_sem_09_lab.pdf}},
  note = {Acessado em: 20-05-2016},
  author={Loubach, Denis S.},
  journal={},
  volume={},
  number={},
  pages={},
  year={2016},
  publisher={UNICAMP}
}

@misc{DenisES670_exp5/7,
  title={Roteiro do experimento 5, Semana 11 disponibilizado para os alunos do curso},
  howpublished = {\url{http://www.ggte.unicamp.br/eam/pluginfile.php/232492/mod_resource/content/1/es670_sem_11_lab.pdf}},
  note = {Acessado em: 06-06-2016},
  author={Loubach, Denis S.},
  journal={},
  volume={},
  number={},
  pages={},
  year={2016},
  publisher={UNICAMP}
}

@misc{DenisES670_exp6/7,
  title={Roteiro do experimento 6, Semanas 12 e 13 disponibilizado para os alunos do curso},
  howpublished = {\url{http://www.ggte.unicamp.br/eam/pluginfile.php/233829/mod_resource/content/1/es670_sem_12_lab.pdf}},
  note = {Acessado em: 21-06-2016},
  author={Loubach, Denis S.},
  journal={},
  volume={},
  number={},
  pages={},
  year={2016},
  publisher={UNICAMP}
}